 



@article{biragyn2002toll,
author = {Biragyn, Arya and Ruffini, Pier Adelchi and Leifer, Cynthia A. and Klyushnenkova, Elena and Shakhov, Alexander and Chertov, Oleg and Shirakawa, Aiko K. and Farber, Joshua M. and Segal, David M. and Oppenheim, Joost J. and Kwak, Larry W.},
title = {{Toll-Like Receptor 4-Dependent Activation of Dendritic Cells by beta -Defensin 2 }},
journal = {Science},
volume = {298},
number = {5595},
pages = {1025-1029},
year = {2002},
abstract = {},
URL = {http://www.sciencemag.org/cgi/content/abstract/298/5595/1025},
eprint = {http://www.sciencemag.org/cgi/reprint/298/5595/1025.pdf},
OPTannote="12411706"
}


@Article{bell2003arming,
   Author="Bell, Graham. and Gouyon, Pierre.-Henri",
   Title="{Arming the enemy: the evolution of resistance to self-proteins}",
   Journal="Microbiology",
   Year="2003",
   Volume="149",
   Number="Pt 6",
   Pages="1367-1375",
   Month="Jun",
   OPTannote="12777478"
}

@Article{achard2001xml,
  author =       "F. Achard and G. Vaysseix and E. Barillot",
  title =        "{XML, bioinformatics and data integration}",
  journal =      "Bioinformatics",
  year =         "2001",
  volume =       "17",
  pages =        "115--25",
  OPTannote =    "11238067",
}

@InProceedings{agrawal1995mining,
  author =       "Rakesh Agrawal and Ramakrishnan Srikant",
  title =        "Mining sequential patterns",
  booktitle =    "Eleventh International Conference on Data
                 Engineering",
  year =         "1995",
  editor =       "Philip S. Yu and Arbee S. P. Chen",
  pages =        "3--14",
  address =      "Taipei, Taiwan",
  publisher =    "IEEE Computer Society Press",
  URL =          "citeseer.nj.nec.com/agrawal95mining.html",
}

@InProceedings{alimoglu1996methods,
  author =       "F. Alimoglu and E. Alpaydin",
  title =        "Methods of combining multiple classifiers based on
                 different representations for pen--based handwriting
                 recognition",
  booktitle =    "Proceedings of the Fifth Turkish Artificial
                 Intelligence and Artificial Neural Networks Symposium",
  year =         "1996",
  address =      "Istanbul, Turkey",
}

@InProceedings{alimoglu1997combining,
  author =       "F. Alimoglu and E. Alpaydin",
  title =        "Combining multiple representations and classifiers for
                 pen--based handwritten digit recognition",
  booktitle =    "Proceedings of the Fourth International Conference on
                 Document Analysis and Recognition",
  year =         "1997",
  address =      "Ulm, Germany",
}

@Article{altschul1990basic,
  author =       "S. F. Altschul and W. Gish and W. Miller and E. W.
                 Myers and D. J. Lipman",
  title =        "{Basic local alignment search tool}",
  journal =      "J Mol Biol",
  year =         "1990",
  volume =       "215",
  pages =        "403--10",
  OPTannote =    "2231712",
}

@Article{altschul1991amino,
  author =       "S. F. Altschul",
  title =        "{Amino acid substitution matrices from an information
                 theoretic perspective}",
  journal =      "J Mol Biol",
  year =         "1991",
  volume =       "219",
  pages =        "555--65",
  OPTannote =    "2051488",
}

@Article{altschul1996local,
  author =       "S. F. Altschul and W. Gish",
  title =        "{Local alignment statistics}",
  journal =      "Methods Enzymol",
  year =         "1996",
  volume =       "266",
  pages =        "460--80",
  OPTannote =    "8743700",
}

@Article{altschul1997gapped,
  author =       "S. F. Altschul and T. L. Madden and A. A. Schaffer
                 Zhang and J. and Z. Zhang and W. Miller and D. J.
                 Lipman",
  title =        "{Gapped BLAST and PSI-BLAST: a new generation of
                 protein database search programs}",
  journal =      "Nucleic Acids Res",
  year =         "1997",
  volume =       "25",
  pages =        "3389--402",
  OPTannote =    "9254694",
}

@Article{altschul2001theestimation,
  author =       "S. F. Altschul and R. Bundschuh and R. Olsen and T.
                 Hwa",
  title =        "The estimation of statistical parameters for local
                 alignment score distributions",
  journal =      "Nucleic Acids Research",
  year =         "2001",
  volume =       "29",
  number =       "2",
  pages =        "351--361",
}

@InBook{amsterdam1996susceptibility,
  pages =        "52--111",
  title =        "Susceptibility testing of antimicrobials in liquid
                 media",
  publisher =    "Williams \& Wilkins",
  year =         "1996",
  editor =       "V. Lorian",
  author =       "D. Amsterdam",
  series =       "Antibiotics in Laboratory Medicine",
  address =      "Baltimore, MD",
  edition =      "4th",
  OPTchapter =   "1",
}

@Misc{antimicrobialsequencesdatabase,
  author =       "Alessandro Tossi",
  title =        "Antimicrobial Sequences Database ({AMSDb})",
  year =         "2002",
  institution =  "University of Trieste, Dipartimento di Biochimica,
                 Biofisica e, Chimica delle Macromolecole",
  note = "http://www.bbcm.univ.trieste.it/~tossi/amsdb.html",
  URL =          "http://www.bbcm.univ.trieste.it/~tossi/pag1.htm",
}

@Article{argos1982structural,
  author =       "P. Argos and J. K. Rao and P. A. Hargrave",
  title =        "{Structural prediction of membrane-bound proteins}",
  journal =      "Eur J Biochem",
  year =         "1982",
  volume =       "128",
  number =       "2-3",
  pages =        "565--575",
  month =        nov,
}

@Article{attwood2003prints,
  author =       "T. K. Attwood and P. Bradley and D. R. Flower and A.
                 Gaulton and N. Maudling and A. L. Mitchell and G.
                 Moulton and A. Nordle and K. Paine and P. Taylor and A.
                 Uddin and C. Zygouri",
  title =        "{PRINTS and its automatic supplement, prePRINTS}",
  journal =      "Nucleic Acids Res",
  year =         "2003",
  volume =       "31",
  pages =        "400--2",
  OPTannote =    "12520033",
}

@Article{ayala1997genetics,
  author =       "F. J. Ayala and W. M. Fitch",
  title =        "{Genetics and the origin of species: an
                 introduction}",
  journal =      "Proc Natl Acad Sci U S A",
  year =         "1997",
  volume =       "94",
  pages =        "7691--7",
  OPTannote =    "9223250",
}

@Article{bairoch2000swiss-prot,
   Author="Bairoch, A. and Apweiler, R.",
   Title="{The SWISS-PROT protein sequence database and its supplement TrEMBL in 2000}",
   Journal="Nucleic Acids Res",
   Year="2000",
   Volume="28",
   Number="1",
   Pages="45-48",
   Month="Jan",
   optannote="10592178"
}


@Article{barillas2000mosquito,
  author =       "C. Barillas--Mury and B. Wizel and Y. S. Han",
  title =        "{Mosquito immune responses and malaria transmission:
                 lessons from insect model systems and implications for
                 vertebrate innate immunity and vaccine development}",
  journal =      "Insect Biochem Mol Biol",
  year =         "2000",
  volume =       "30",
  number =       "6",
  pages =        "429--442",
  month =        jun,
}

@Article{bendor1999clustering,
  author =       "Amir Ben-Dor and Ron Shamir and Zohar Yakhini",
  title =        "Clustering Gene Expression Patterns",
  journal =      "Journal of Computational Biology",
  year =         "1999",
  volume =       "6",
  number =       "3/4",
  pages =        "281--297",
  URL =          "citeseer.nj.nec.com/305183.html",
}

@Article{benson2000genbank,
  author =       "D. A. Benson and I. Karsch-Mizrachi and D. J. {Lipman
                 } and J. Ostell and B. A. Rapp and D. L. Wheeler",
  title =        "{GenBank}",
  journal =      "Nucleic Acids Res",
  year =         "2000",
  volume =       "28",
  pages =        "15--8",
  OPTannote =    "10592170",
}

@Article{bierbaum1985induction,
  author =       "G. Bierbaum and H. G. Sahl",
  title =        "{Induction of autolysis of staphylococci by the basic
                 peptide antibiotics Pep 5 and nisin and their influence
                 on the activity of autolytic enzymes}",
  journal =      "Arch Microbiol",
  year =         "1985",
  volume =       "141",
  pages =        "249--54",
  OPTannote =    "4004448",
}

@Article{blondelle2000combinatorial,
  author =       "S. E. Blondelle and K. Lohner",
  title =        "{Combinatorial libraries: a tool to design
                 antimicrobial and antifungal peptide analogues having
                 lytic specificities for structure-activity relationship
                 studies}",
  journal =      "Biopolymers",
  year =         "2000",
  volume =       "55",
  pages =        "74--87",
  OPTannote =    "10931443",
}

@Article{boguski1993dbest,
  author =       "M. S. Boguski and T. M. Lowe and C. M. Tolstoshev",
  title =        "{dbEST--database for } # expressed # sequence # tags #
                 {}",
  journal =      "Nat Genet",
  year =         "1993",
  volume =       "4",
  number =       "4",
  pages =        "332--333",
  month =        aug,
  note =         "Letter",
}

@Article{borodovsky1993genmark,
  author =       "M. Borodovsky and J. McIninch",
  title =        "{GENMARK}: parallel gene recognition for both {DNA}
                 strands",
  journal =      "Computers in Chemistry",
  year =         "1993",
  volume =       "17",
  number =       "2",
  pages =        "123--133",
}

@Article{bowman2003antibacterial,
   Author="Boman, H. G.",
   Title="{Antibacterial peptides: basic facts and emerging concepts}",
   Journal="J Intern Med",
   Year="2003",
   Volume="254",
   Number="3",
   Pages="197-215",
   Month="Sep",
   optannote="12930229"
}

@Article{bradley2002trilogy,
  author =       "P. Bradley and P. S. Kim and B. Berger",
  title =        "{TRILOGY: Discovery of sequence-structure patterns
                 across diverse proteins}",
  journal =      "Proc Natl Acad Sci U S A",
  year =         "2002",
  volume =       "99",
  pages =        "8500--5",
  OPTannote =    "12084910",
}

@Article{brazma1997approaches,
  author =       "A. Brazma and I. Jonassen and I. Eidhammer and D.
                 Gilbert",
  title =        "Approaches to the automatic discovery of patterns in
                 biosequences",
  journal =      "Journal of Computational Biology",
  year =         "1997",
}

@Article{brazma1998predicting,
  author =       "A. Brazma and I. Jonassen and J. Vilo and E. Ukkonen",
  title =        "{Predicting gene regulatory elements in silico on a
                 genomic scale}",
  journal =      "Genome Res",
  year =         "1998",
  volume =       "8",
  pages =        "1202--15",
  OPTannote =    "9847082",
}

@Article{brazma2001onthe,
  author =       "A. Brazma",
  title =        "On the importance of standardization in life
                 sciences",
  journal =      "Bioinformatics",
  year =         "2001",
  volume =       "2",
  number =       "17",
  pages =        "113--114",
}

@Article{brent2000genomic,
  author =       "R. Brent",
  title =        "{Genomic biology}",
  journal =      "Cell",
  year =         "2000",
  volume =       "100",
  pages =        "169--83",
  OPTannote =    "10647941",
}

@InProceedings{buhler2001finding,
  author =       "Jeremy Buhler and Martin Tompa",
  title =        "Finding motifs using random projections",
  booktitle =    "Proceedings of the fifth annual international
                 conference on Computational biology",
  year =         "2001",
  pages =        "69--76",
  publisher =    "ACM Press",
  doi =          "http://doi.acm.org/10.1145/369133.369172",
  ISBN =         "1-58113-353-7",
  location =     "Montreal, Quebec, Canada",
}

@Article{bulet1993novel,
  author =       "P. Bulet and J. L. Dimarcq and C. Hetru and M. Lagueux
                 and M. Charlet and G. Hegy and A. Van Dorsselaer. and
                 J. A. Hoffmann",
  title =        "{A novel inducible antibacterial peptide of Drosophila
                 carries an O-glycosylated substitution}",
  journal =      "J Biol Chem",
  year =         "1993",
  volume =       "268",
  number =       "20",
  pages =        "14893--14897",
  month =        jul,
}

@Article{burge2000prediction,
  author =       "C. Burge and S. Karlin",
  title =        "Prediction of complete gene structures in human
                 genomic {DNA}",
  journal =      "Journal of Molecular Biology",
  year =         "1997",
  volume =       "268",
  pages =        "78--94",
}

@Article{cassell2001development,
  author =       "G. H. Cassell and J. Mekalanos",
  title =        "{Development of antimicrobial agents in the era of new
                 and reemerging infectious diseases and increasing
                 antibiotic resistance}",
  journal =      "JAMA",
  year =         "2001",
  volume =       "285",
  pages =        "601--5",
  OPTannote =    "11176866",
}

@Article{chan1999recognizing,
  author =       "Kam--Fai Chan and Dit--Yan Yeung",
  title =        "Recognizing on--line handwritten alphanumeric
                 characters through flexible structural matching",
  journal =      "Pattern Recognition",
  year =         "1999",
  volume =       "32",
  pages =        "1099--1114",
}

@Article{chen2001rgdtachyplesin,
   Author="Chen, Y. and Xu, X. and Hong, S. and Chen, J. and Liu, N. and Underhill, C. B. and Creswell, K. and Zhang, L.",
   Title="{RGD-Tachyplesin inhibits tumor growth}",
   Journal="Cancer Res",
   Year="2001",
   Volume="61",
   Number="6",
   Pages="2434-2438",
   Month="Mar",
   optannote="11289111"
}

@Article{chomsky1956three,
  author =       "Noam Chomsky",
  title =        "Three models for the description of language",
  journal =      "IRE Transactions on Information Theory",
  year =         "1956",
  volume =       "2",
  pages =        "113--124",
}

@Article{christophides2002immunity,
  author =       "George. K. Christophides and Evgeny. Zdobnov and
                 Carolina. Barillas-Mury and Ewan. Birney and Stephanie.
                 Blandin and Claudia. Blass and Paul. T. Brey and Frank.
                 H. Collins and Alberto. Danielli and George. Dimopoulos
                 and Charles. Hetru and Ngo. T. Hoa and Jules. A.
                 Hoffmann and Stefan. M. Kanzok and Ivica. Letunic and
                 Elena. A. Levashina and Thanasis. G. Loukeris and
                 Gareth. Lycett and Stephan. Meister and Kristin. Michel
                 and Luis. F. Moita and Hans.-Michael Muller and Mike.
                 A. Osta and Susan. M. Paskewitz and Jean.-Marc
                 Reichhart and Andrey. Rzhetsky and Laurent. Troxler and
                 Kenneth. D. Vernick and Dina. Vlachou and Jennifer.
                 Volz and Christian. von Mering. and Jiannong. Xu and
                 Liangbiao. Zheng and Peer. Bork and Fotis. C. Kafatos",
  title =        "{Immunity--related genes and gene families in
                 Anopheles gambiae}",
  journal =      "Science",
  year =         "2002",
  volume =       "298",
  number =       "5591",
  pages =        "159--165",
  month =        oct,
}

@Article{cociancic1994novel,
  author =       "S. Cociancich and A Dupont and G. Hegy and R. Lanot
                 and F. Holder and C. Hetru and J. A. Hoffman and P.
                 Bulet",
  title =        "Novel inducible antibacterial peptide from a
                 hemipteran insect, the sap--sucking bug
                 \emph{pyrrhocoris aptarus}",
  journal =      "Biochemical Journal",
  year =         "1994",
  OPTpages =     "567--575",
  OPTannote =    "Describes the minimal inhibitory concentration (MIC)
                 for testing the activity of ab peptides. NEED TO GET
                 THIS PAPER",
  OPTvolume =    "300",
}

@InCollection{dayhoff1979amodel,
  author =       "M. O. Dayhoff and R. M. Schwartz and B. C. Orcutt",
  title =        "A model of evolutionary change in proteins",
  booktitle =    "Atlas of Protein Structure",
  publisher =    "National Biomedical Reasearch Foundataion",
  year =         "1978",
  editor =       "M. O. Dayhoff",
  volume =       "5(Suppl. 3)",
  pages =        "345--352",
  address =      "Silver Spring, Md.",
}

@Article{dehal2002thedraft,
  author =       "Paramvir Dehal and Yutaka Satou and Robert K. Campbell
                 and Jarrod Chapman and Bernard Degnan and Anthony De
                 Tomaso and Brad Davidson and Anna Di Gregorio and
                 Maarten Gelpke and David M. Goodstein and Naoe Harafuji
                 and Kenneth E. M. Hastings and Isaac Ho and Kohji Hotta
                 and Wayne Huang and Takeshi Kawashima and Patrick
                 Lemaire and Diego Martinez and Ian A. Meinertzhagen and
                 Simona Necula and Masaru Nonaka and Nik Putnam and Sam
                 Rash and Hidetoshi Saiga and Masanobu Satake and Astrid
                 Terry and Lixy Yamada and Hong-Gang Wang and Satoko
                 Awazu and Kaoru Azumi and Jeffrey Boore and Margherita
                 Branno and Stephen Chin-bow and Rosaria DeSantis and
                 Sharon Doyle and Pilar Francino and David N. Keys and
                 Shinobu Haga and Hiroko Hayashi and Kyosuke Hino and
                 Kaoru S. Imai and Kazuo Inaba and Shungo Kano and Kenji
                 Kobayashi and Mari Kobayashi and Byung-In Lee and
                 Kazuhiro W. Makabe and Chitra Manohar and Giorgio
                 Matassi and Monica Medina and Yasuaki Mochizuki and
                 Steve Mount and Tomomi Morishita and Sachiko Miura and
                 Akie Nakayama and Satoko Nishizaka and Hisayo Nomoto
                 and Fumiko Ohta and Kazuko Oishi and Isidore Rigoutsos
                 and Masako Sano and Akane Sasaki and Yasunori Sasakura
                 and Eiichi Shoguchi and Tadasu Shin-i and Antoinetta
                 Spagnuolo and Didier Stainier and Miho M. Suzuki and
                 Olivier Tassy and Naohito Takatori and Miki Tokuoka and
                 Kasumi Yagi and Fumiko Yoshizaki and Shuichi Wada and
                 Cindy Zhang and P. Douglas Hyatt and Frank Larimer and
                 Chris Detter and Norman Doggett and Tijana Glavina and
                 Trevor Hawkins and Paul Richardson and Susan Lucas and
                 Yuji Kohara and Michael Levine and Nori Satoh and
                 Daniel S. Rokhsar",
  title =        "{The Draft Genome of Ciona intestinalis: Insights into
                 Chordate and Vertebrate Origins}",
  journal =      "Science",
  year =         "2002",
  volume =       "298",
  number =       "5601",
  pages =        "2157--2167",
  URL =          "http://www.sciencemag.org/cgi/content/abstract/298/5601/2157",
  eprint =       "http://www.sciencemag.org/cgi/reprint/298/5601/2157.pdf",
}

@Article{devauchelle2001rate,
  author =       "C. Devauchelle and A. Grossmann and A. Henaut and M.
                 Holschneider and M. Monnerot and J. L. Risler and B.
                 Torresani",
  title =        "{Rate matrices for analyzing large families of protein
                 sequences}",
  journal =      "J Comput Biol",
  year =         "2001",
  volume =       "8",
  pages =        "381--99",
  OPTannote =    "11571074",
}

@Article{dhaeseleer2000genetic,
  author =       "P. D'Haeseleer and S. Liang and R. Somogyi",
  title =        "Genetic network inference: From co-expression
                 clustering to reverse engineering",
  journal =      "Bioinformatics",
  year =         "2000",
  volume =       "16",
  number =       "8",
  pages =        "707--726",
  annote =       "gene expression clustering",
}

@Article{dietterich1995solving,
  author =       "T. G. Dietterich and G. Bakiri",
  title =        "Solving multiclass learning problems via
                 error--correcting output codes",
  journal =      "Journal of Artificial Intelligence Research",
  year =         "1995",
  volume =       "2",
  pages =        "263--286",
}

@TechReport{doe1992primer,
  author =       "Department of Energy",
  title =        "Primer on molecular genetics",
  institution =  "Office of Energy Research, Office of Health and
                 Environmental Research",
  year =         "1992",
  OPTmonth =     "June",
}

@Article{dosztanyi2001amino,
  author =       "Z. Dosztanyi and A. E. Torda",
  title =        "{Amino acid similarity matrices based on force
                 fields}",
  journal =      "Bioinformatics",
  year =         "2001",
  volume =       "17",
  pages =        "686--99",
  OPTannote =    "11524370",
}

@Article{dsouza1997searching,
  author =       "M. Dsouza and N. Larsen and R. Overbeek",
  title =        "{Searching for patterns in genomic data}",
  journal =      "Trends Genet",
  year =         "1997",
  volume =       "13",
  pages =        "497--8",
  OPTannote =    "9433140",
}

@Article{dushay1996origins,
  author =       "M. S. Dushay and B. Asling and D. Hultmark",
  title =        "{Origins of immunity: Relish, a compound Rel-like gene
                 in the antibacterial defense of Drosophila}",
  journal =      "Proc Natl Acad Sci U S A",
  year =         "1996",
  volume =       "93",
  pages =        "10343--7",
  OPTannote =    "8816802",
}

@Article{dushay2000two,
  author =       "M. S. Dushay and J. B. Roethele and J. M. Chaverri
                 Dulek and D. E. and S. K. Syed and T. Kitami and E. D.
                 Eldon",
  title =        "{Two attacin antibacterial genes of Drosophila
                 melanogaster}",
  journal =      "Gene",
  year =         "2000",
  volume =       "246",
  pages =        "49--57",
  OPTannote =    "10767526",
}

@Article{dutheil2002baobab,
  author =       "J. Dutheil and N. Galtier",
  title =        "{BAOBAB: a Java editor for large phylogenetic trees}",
  journal =      "Bioinformatics",
  year =         "2002",
  volume =       "18",
  pages =        "892--3",
  OPTannote =    "12075029",
}

@Article{eisen1998cluster,
  author =       "M. B. Eisen and P. T. Spellman and P. O. Brown and D.
                 Botstein",
  title =        "{Cluster analysis and display of genome-wide
                 expression patterns}",
  journal =      "Proc Natl Acad Sci U S A",
  year =         "1998",
  volume =       "95",
  pages =        "14863--8",
  OPTannote =    "9843981",
}

@Article{ellerby1999anticancer,
   Author="Ellerby, H. M. and Arap, W. and Ellerby, L. M. and Kain, R. and Andrusiak, R. and Rio, G. D. and Krajewski, S. and Lombardo, C. R. and Rao, R. and Ruoslahti, E. and Bredesen, D. E. and Pasqualini, R.",
   Title="{Anti-cancer activity of targeted pro-apoptotic peptides}",
   Journal="Nat Med",
   Year="1999",
   Volume="5",
   Number="9",
   Pages="1032-1038",
   Month="Sep",
   optannote="10470080"
}

@Misc{entrez2004website,
  author =       "NCBI",
  title =        "Entrez cross-database search engine",
  howpublished = "http://www.ncbi.nlm.nih.gov/Entrez/",
  year =         "2004",
  OPTurl =       "http://www.ncbi.nlm.nih.gov/Entrez/",
}

@Article{epand1999diversity,
  author =       "R. M. Epand and H. J. Vogel",
  title =        "{Diversity of antimicrobial peptides and their
                 mechanisms of action}",
  journal =      "Biochim Biophys Acta",
  year =         "1999",
  volume =       "1462",
  pages =        "11--28",
  OPTannote =    "10590300",
}

@Article{felsenstein1989phylip,
  author =       "J. Felsenstein",
  title =        "Phylogeny Inference Package (Version 3.2)",
  journal =      "Cladistics",
  year =         "1989",
  volume =       "5",
  pages =        "164--166",
}

@Article{fickett1997eukaryotic,
  author =       "J. W. Fickett and A. G. Hatzigeorgiou",
  title =        "{Eukaryotic promoter recognition}",
  journal =      "Genome Res",
  year =         "1997",
  volume =       "7",
  pages =        "861--78",
  OPTannote =    "9314492",
}

@PhdThesis{floratos1999pattern,
  author =       "A. Floratos",
  title =        "Pattern Discovery in Biology: Theory and
                 Applications",
  school =       "New York University",
  year =         "1999",
  address =      "New York",
  month =        jan,
  annote =       "This is the paper that describes (well) how Teiresias
                 works",
}

@Article{fuchs2002fromsequence,
  author =       "R. Fuchs",
  title =        "From sequence to biology: the impact on
                 bioinformatics",
  journal =      "Bioinformatics",
  year =         "2002",
  volume =       "18",
  number =       "4",
  pages =        "505--506",
}

@Article{ganz2003defensins,
  author =       "T. Ganz",
  title =        "{Defensins: antimicrobial peptides of innate
                 immunity}",
  journal =      "Nat Rev Immunol",
  year =         "2003",
  volume =       "3",
  pages =        "710--20",
  OPTannote =    "12949495",
}

@Book{garner2000oxford,
  title =        "The Oxford Dictionary of American Usage and Style",
  publisher =    "Oxford University Press",
  year =         "2000",
  author =       "B. A. Garner",
  address =      "New York, New York",
}

@Article{ge1999invitro,
  author =       "Y. Ge and D. L. MacDonald and K. J. Holroyd and C.
                 Thornsberry and H. Wexler and M. Zasloff",
  title =        "{In vitro antibacterial properties of pexiganan, an
                 analog of magainin}",
  journal =      "Antimicrob Agents Chemother",
  year =         "1999",
  volume =       "43",
  number =       "4",
  pages =        "782--788",
  month =        apr,
}

@Article{gerstein1997astructural,
  author =       "M. Gerstein and M. Levitt",
  title =        "A structural census of the current population of
                 proteins sequences",
  journal =      "Proceedings of the National Academy of Sciences",
  year =         "1997",
  volume =       "94",
  pages =        "11911--11916",
  OPTmonth =     "October",
}

@Article{giangaspero2001amphipathic,
  author =       "A. Giangaspero and L. Sandri and A. Tossi",
  title =        "{Amphipathic alpha helical antimicrobial peptides}",
  journal =      "Eur J Biochem",
  year =         "2001",
  volume =       "268",
  pages =        "5589--600",
  OPTannote =    "11683882",
}

@Article{gilbert1997origin,
  author =       "W. Gilbert and S. J. de Souza and M. Long",
  title =        "Origin of genes",
  journal =      "Proceedings of hte National Academy of Sciences",
  year =         "1997",
  volume =       "94",
  pages =        "7698--7703",
  OPTmonth =     "July",
}

@Article{godbole1999cloning,
  author =       "S. Godbole and S. R. Decker and R. A. Nieves and W. S.
                 Adney and T. B. Vinzant and J. O. Baker and S. R.
                 Thomas and M. E. Himmel",
  title =        "{Cloning and expression of Trichoderma reesei
                 cellobiohydrolase I in Pichia pastoris}",
  journal =      "Biotechnol Prog",
  year =         "1999",
  volume =       "15",
  pages =        "828--33",
  OPTannote =    "10514252",
}

@Article{gonnet1992exhaustive,
  author =       "G. H. Gonnet and M. A. Cohen and S. A. Benner",
  title =        "{Exhaustive matching of the entire protein sequence
                 database}",
  journal =      "Science",
  year =         "1992",
  volume =       "256",
  pages =        "1443--5",
  OPTannote =    "1604319",
}

@Article{goodman1954association,
  author =       "L. A. Goodman and W. H. Kruskal",
  title =        "Measures of association for cross classifications",
  journal =      "Journal of the American Statistical Association",
  year =         "1954",
  volume =       "49",
  number =       "268",
  pages =        "732--764",
  OPTurl =       "http://www.jstor.org/browse/01621459/di985839?config=jstor&frame=noframe&userID=123f050b@mit.edu/018dd553400050ab18ec&dpi=3",
  OPTannote =    "contains the definition of the goodman and kruskal
                 gamma coeffificient",
}

@Article{gribskov1996useof,
  author =       "M. Gribskov and N. L. Robinson",
  title =        "Use of receiver operating characteristic ({ROC})
                 analysis to evaluate sequence matching",
  journal =      "Computers in Chemistry",
  year =         "1996",
  volume =       "20",
  number =       "1",
  pages =        "25--33",
}

@InProceedings{grundy1998family,
  author =       "Grundy",
  title =        "Family--based homoly detection via pairwise sequences
                 comparison",
  booktitle =    "Proceedings of the Second Annual International
                 Conference on Computational Molecular Biology",
  year =         "1998",
  pages =        "94--100",
  OPTmonth =     "March",
}

@Unpublished{guhathakurta2002identifying,
  author =       "D. Guhathakurta and L. A. Schriefer and M. C. Hresko
                 and R. H. Waterson and G. D. Stormo",
  title =        "Indentifying muscle regulartory elements and genes in
                 the nematode \emph{caenorhabditis elegans}",
  note =         "Department of Genetics, Washington University School
                 of Medicine",
}

@Article{hancock1998cationic,
  author =       "R. E. Hancock and R. Lehrer",
  title =        "{Cationic peptides: a new source of antibiotics}",
  journal =      "Trends Biotechnol",
  year =         "1998",
  volume =       "16",
  pages =        "82--8",
  OPTannote =    "9487736",
}

@Article{hancock1999peptide,
  author =       "R. E. Hancock and D. S. Chapple",
  title =        "{Peptide antibiotics}",
  journal =      "Antimicrob Agents Chemother",
  year =         "1999",
  volume =       "43",
  pages =        "1317--23",
  OPTannote =    "10348745",
}

@Article{hancock2002clinical,
  author =       "R. E. Hancock and A. Patrzykat",
  title =        "{Clinical development of cationic antimicrobial
                 peptides: from natural to novel antibiotics}",
  journal =      "Curr Drug Targets Infect Disord",
  year =         "2002",
  volume =       "2",
  pages =        "79--83",
  OPTannote =    "12462155",
}

@Unpublished{hargreaves1992regex,
  author =       "K. A. Hargreaves and K. Berry",
  title =        "Regex",
  note =         "{Free Sotfware Foundation, 675 Mass Ave, Cambridge, MA
                 02139}",
  month =        sep,
  year =         "1992",
}

@Book{harrison1998antimicrobial,
  title =        "Antimicrobial Resistance: Issues and Options",
  publisher =    "National Academy Press",
  year =         "1998",
  author =       "Institute of Medicine",
  alteditor =    "Harrison",
}

@Article{henikoff1991automated,
  author =       "S. Henikoff and J. G. Henikoff",
  title =        "{Automated assembly of protein blocks for database
                 searching}",
  journal =      "Nucleic Acids Res",
  year =         "1991",
  volume =       "19",
  pages =        "6565--72",
  OPTannote =    "1754394",
}

@Article{henikoff1992aminoacid,
   Author="Henikoff, S. and Henikoff, J. G.",
   Title="{Amino acid substitution matrices from protein blocks}",
   Journal="Proc Natl Acad Sci U S A",
   Year="1992",
   Volume="89",
   Number="22",
   Pages="10915-10919",
   Month="Nov",
   optannote="143829"
}

@Article{henikoff1993performance,
  author =       "S. Henikoff and J. G. Henikoff",
  title =        "{Performance evaluation of amino acid substitution
                 matrices}",
  journal =      "Proteins",
  year =         "1993",
  volume =       "17",
  pages =        "49--61",
  OPTannote =    "8234244",
}

@InBook{henikoff2000amino,
  pages =        "73--98",
  title =        "Amino Acid Substitution Matrices",
  publisher =    "Academic Press",
  year =         "2000",
  author =       "S. Henikoff and J. G. Henikoff",
  volume =       "54",
  series =       "Advances in Protein Chemistry",
  address =      "San Diego",
  annote =       "good broad description of sub matrices",
}

@Article{higgins1992improved,
  author =       "D. G. Higgins and A. J. Bleasby and R. Fuchs",
  title =        "{CLUSTAL V: improved software for multiple sequence
                 alignment}",
  journal =      "Comput Appl Biosci",
  year =         "1992",
  volume =       "8",
  pages =        "189--91",
  OPTannote =    "1591615",
}

@Article{hofmann1999prosite,
  author =       "K. Hofmann and P. Bucher and L. Falquet and A.
                 Bairoch",
  title =        "{The PROSITE database, its status in 1999}",
  journal =      "Nucleic Acids Res",
  year =         "1999",
  volume =       "27",
  pages =        "215--9",
  OPTannote =    "9847184",
}

@Article{holt2002genome,
  author =       "Robert. A. Holt and G. Mani. Subramanian and Aaron.
                 Halpern and Granger. G. Sutton and Rosane. Charlab and
                 Deborah. R. Nusskern and Patrick. Wincker and Andrew.
                 G. Clark and Jose. M. C. Ribeiro and Ron. Wides and
                 Steven. L. Salzberg and Brendan. Loftus and Mark.
                 Yandell and William. H. Majoros and Douglas. B. Rusch
                 and Zhongwu. Lai and Cheryl. L. Kraft and Josep. F.
                 Abril and Veronique. Anthouard and Peter. Arensburger
                 and Peter. W. Atkinson and Holly. Baden and Veronique.
                 de Berardinis. and Danita. Baldwin and Vladimir. Benes
                 and Jim. Biedler and Claudia. Blass and Randall.
                 Bolanos and Didier. Boscus and Mary. Barnstead and
                 Shuang. Cai and Angela. Center and Kabir. Chaturverdi
                 and George. K. Christophides and Mathew. A. Chrystal
                 and Michele. Clamp and Anibal. Cravchik and Val. Curwen
                 and Ali. Dana and Art. Delcher and Ian. Dew and Cheryl.
                 A. Evans and Michael. Flanigan and Anne.
                 Grundschober-Freimoser and Lisa. Friedli and Zhiping.
                 Gu and Ping. Guan and Roderic. Guigo and Maureen. E.
                 Hillenmeyer and Susanne. L. Hladun and James. R. Hogan
                 and Young. S. Hong and Jeffrey. Hoover and Olivier.
                 Jaillon and Zhaoxi. Ke and Chinnappa. Kodira and Elena.
                 Kokoza and Anastasios. Koutsos and Ivica. Letunic and
                 Alex. Levitsky and Yong. Liang and Jhy.-Jhu Lin and
                 Neil. F. Lobo and John. R. Lopez and Joel. A. Malek and
                 Tina. C. McIntosh and Stephan. Meister and Jason.
                 Miller and Clark. Mobarry and Emmanuel. Mongin and
                 Sean. D. Murphy and David. A. O'Brochta and Cynthia.
                 Pfannkoch and Rong. Qi and Megan. A. Regier and Karin.
                 Remington and Hongguang. Shao and Maria. V. Sharakhova
                 and Cynthia. D. Sitter and Jyoti. Shetty and Thomas. J.
                 Smith and Renee. Strong and Jingtao. Sun and Dana.
                 Thomasova and Lucas. Q. Ton and Pantelis. Topalis and
                 Zhijian. Tu and Maria. F. Unger and Brian. Walenz and
                 Aihui. Wang and Jian. Wang and Mei. Wang and Xuelan.
                 Wang and Kerry. J. Woodford and Jennifer. R. Wortman
                 and Martin. Wu and Alison. Yao and Evgeny. M. Zdobnov
                 and Hongyu. Zhang and Qi. Zhao and Shaying. Zhao and
                 Shiaoping. C. Zhu and Igor. Zhimulev and Mario. Coluzzi
                 and Alessandra. della Torre. and Charles. W. Roth and
                 Christos. Louis and Francis. Kalush and Richard. J.
                 Mural and Eugene. W. Myers and Mark. D. Adams and
                 Hamilton. O. Smith and Samuel. Broder and Malcolm. J.
                 Gardner and Claire. M. Fraser and Ewan. Birney and
                 Peer. Bork and Paul. T. Brey and J. Craig. Venter and
                 Jean. Weissenbach and Fotis. C. Kafatos and Frank. H.
                 Collins and Stephen. L. Hoffman",
  title =        "{The genome sequence of the malaria mosquito Anopheles
                 gambiae}",
  journal =      "Science",
  year =         "2002",
  volume =       "298",
  number =       "5591",
  pages =        "129--149",
  month =        oct,
}

@Article{hornef2002bacterial,
  author =       "M. W. Hornef and M. J. Wick and M. Rhen and S.
                 Normark",
  title =        "{Bacterial strategies for overcoming host innate and
                 adaptive immune responses}",
  journal =      "Nat Immunol",
  year =         "2002",
  volume =       "3",
  pages =        "1033--40",
  OPTannote =    "12407412",
}

@Article{hughes2000computational,
  author =       "J. D. Hughes and P. W. Estep and S. Tavazoie and G. M.
                 Church",
  title =        "{Computational identification of cis-regulatory
                 elements associated with groups of functionally related
                 genes in Saccharomyces cerevisiae}",
  journal =      "J Mol Biol",
  year =         "2000",
  volume =       "296",
  pages =        "1205--14",
  OPTannote =    "10698627",
}

@Article{hughes2001Expression,
  author =       "T. R. Hughes and M. Mao and A. R. Jones and J.
                 Burchard and M. J. Marton and K. W. Shannon and S. M.
                 Lefkowitz and M. Ziman and J. M. Schelter and M. R.
                 Meyer and S. Kobayashi and C. Davis and H. Dai and Y.
                 D. He and S. B. Stephaniants and G. Cavet and W. L.
                 Walker and A. West and E. Coffey and D. D. {Shoemaker }
                 and R. Stoughton and A. P. Blanchard and S. H. {Friend
                 } and P. S. Linsley",
  title =        "{Expression profiling using microarrays fabricated by
                 an ink-jet oligonucleotide synthesizer}",
  journal =      "Nat Biotechnol",
  year =         "2001",
  volume =       "19",
  pages =        "342--7",
  OPTannote =    "11283592",
}

@InBook{hunter1993molecular,
  chapter =      "1",
  pages =        "1--46",
  title =        "Molecular biology for computer scientists",
  publisher =    "AAAI Press",
  year =         "1993",
  author =       "Hunter",
  alteditor =    "L. Hunter",
  altauthor =    "L. Hunter",
}

@Article{ingram1999enteric,
  author =       "L. O. Ingram and H. C. Aldrich and A. C. Borges and T.
                 B. Causey and A. Martinez and F. Morales and A. Saleh
                 and S. A. Underwood and L. P. Yomano and S. W. York and
                 J. Zaldivar and S. Zhou",
  title =        "{Enteric bacterial catalysts for fuel ethanol
                 production}",
  journal =      "Biotechnol Prog",
  year =         "1999",
  volume =       "15",
  pages =        "855--66",
  OPTannote =    "10514255",
}

@Article{jain2001biochips,
  author =       "K. K. Jain",
  title =        "{Tech.Sight. Biochips for gene spotting}",
  journal =      "Science",
  year =         "2001",
  volume =       "294",
  pages =        "621--3",
  OPTannote =    "11641502",
}

@Article{johnson1993astructural,
  author =       "M. S. Johnson and J. P. Overington",
  title =        "A structural basis for sequence comparisons: an
                 evaluation of scoring methodologies",
  journal =      "Journal of Molecular Biology",
  year =         "1993",
  volume =       "233",
  pages =        "716--738",
}

@PhdThesis{jonassen1996methods,
  author =       "I. Jonassen",
  title =        "Methods for finding motifs in sets of related
                 biosequences",
  school =       "Department of Informatics, University of Bergen",
  year =         "1996",
  address =      "Norway",
}

@Article{juang2000automatic,
  author =       "B. Juang and S. Furui",
  title =        "Automatic recognition and understanding of spoken
                 language --- a first step toward natural human-machine
                 communication",
  journal =      "Proceedings of the IEEE",
  year =         "2000",
  volume =       "88",
  number =       "8",
  pages =        "1142--1165",
  OPTurl =       "http://ieeexplore.ieee.org/iel5/5/19040/00880077.pdf",
}

@Book{jurafsky2000speech,
  title =        "Speech and Language Processing: An Introduction to
                 Natural Language Processing, Computational Linguistics,
                 and Speech Recognition",
  publisher =    "Prentice Hall",
  year =         "2000",
  author =       "Daniel Jurafsky and James H. Martin",
  address =      "Upper Saddle River, New Jersey",
}

@Article{kane2001assessment,
  author =       "M. D. Kane and T. A. Jatkoe and C. R. Stumpf and J.
                 {Lu } and J. D. Thomas and S. J. Madore",
  title =        "Assessment of the sensitivity and specificity of
                 oligonucleoti de (50mer) microarrays",
  journal =      "Nucleic Acids Research",
  year =         "2000",
  volume =       "28",
  number =       "22",
  pages =        "4552--4557",
  annote =       "shows that you need block similarity for
                 crosshybridization",
}

@Article{kann2000optimization,
  author =       "M. Kann and B. Qian and R. A. Goldstein",
  title =        "{Optimization of a new score function for the
                 detection of remote homologs}",
  journal =      "Proteins",
  year =         "2000",
  volume =       "41",
  pages =        "498--503",
  OPTannote =    "11056037",
}

@Article{karlin1990methods,
  author =       "S. Karlin and S. F. Altschul",
  title =        "{Methods for assessing the statistical significance of
                 molecular sequence features by using general scoring
                 schemes}",
  journal =      "Proc Natl Acad Sci U S A",
  year =         "1990",
  volume =       "87",
  pages =        "2264--8",
  OPTannote =    "2315319",
}

@Article{kim1996semicontinuous,
  author =       "D. M. Kim and C. Y. Choi",
  title =        "{A semicontinuous prokaryotic coupled
                 transcription/translation system using a dialysis
                 membrane}",
  journal =      "Biotechnol Prog",
  year =         "1996",
  volume =       "12",
  pages =        "645--9",
  OPTannote =    "8879155",
}

@Article{kim2003bioinformatic,
  author =       "J. T. Kim and T. Martinetz and D. Polani",
  title =        "{Bioinformatic principles underlying the information
                 content of transcription factor binding sites}",
  journal =      "J Theor Biol",
  year =         "2003",
  volume =       "220",
  pages =        "529--44",
  OPTannote =    "12623284",
}

@Article{kim2003invitro,
  author =       "Sunkyu Kim and Sukwon S. Kim and Yung-Jue Bang Kim and
                 Seong-Jin and Byeong Jae Lee",
  title =        "In vitro activities of native and designed peptide
                 antibiotics against drug sensitive and resistant tumor
                 cell lines",
  journal =      "Peptides",
  year =         "2003",
  volume =       "24",
  number =       "7",
  pages =        "945--953",
}

@Article{kimbrell2001evolution,
  author =       "D. A. Kimbrell and B. Beutler",
  title =        "{The evolution and genetics of innate immunity}",
  journal =      "Nat Rev Genet",
  year =         "2001",
  volume =       "2",
  pages =        "256--67",
  OPTannote =    "11283698",
}

@Article{levy1998xlandscape,
  author =       "S. Levy and L. Compagnoni and E. W. Myers and G. D.
                 Stormo",
  title =        "{Xlandscape: the graphical display of word frequencies
                 in sequences}",
  journal =      "Bioinformatics",
  year =         "1998",
  volume =       "14",
  pages =        "74--80",
  OPTannote =    "9520504",
}

@Article{li2001selection,
  author =       "F. Li and G. D. Stormo",
  title =        "{Selection of optimal DNA oligos for gene expression
                 arrays}",
  journal =      "Bioinformatics",
  year =         "2001",
  volume =       "17",
  pages =        "1067--76",
  OPTannote =    "11724738",
}

@Article{lin2001amino,
  author =       "K. Lin and A. C. May and W. R. Taylor",
  title =        "{Amino acid substitution matrices from an artificial
                 neural network model}",
  journal =      "J Comput Biol",
  year =         "2001",
  volume =       "8",
  pages =        "471--81",
  OPTannote =    "11694178",
}

@InProceedings{lin2002finding,
  author =       "Jessica Lin and Eamonn Keogh and Stefano Lonardi Patel
                 and Pranav",
  title =        "Finding Motifs in Time Series",
  booktitle =    "Proceedings of the Second Workshop on Temporal Data
                 Mining",
  year =         "2002",
  address =      "Edmonton, Alberta, Canada",
  month =        jul,
  URL =          "http://www.cs.ucr.edu/~stelo/papers/",
}

@Article{liu2001denovo,
  author =       "Dahui Liu and William F. {DeGrado}",
  title =        "\emph{De novo} design, synthesis, and characterization
                 of antimicrobial beta--peptides",
  journal =      "Journal of the American Chemical Society",
  year =         "2001",
  volume =       "123",
  number =       "31",
  pages =        "7553--7559",
}

@Article{liu2001functional,
  author =       "A. H. Liu and A. Califano",
  title =        "Functional classification of proteins by pattern
                 discovery and top--down clustering of primary
                 sequences",
  journal =      "IBM Systems Journal",
  year =         "2001",
  volume =       "40",
  number =       "2",
  OPTpages =     "379--393",
}

@Article{lowenberger1995insect,
  author =       "C. Lowenberger and P. Bulet and M. Charlet and C.
                 Hetru and B. Hodgeman and B. M. Christensen and J. A.
                 Hoffmann",
  title =        "{Insect immunity: isolation of three novel inducible
                 antibacterial defensins from the vector mosquito, Aedes
                 aegypti}",
  journal =      "Insect Biochem Mol Biol",
  year =         "1995",
  volume =       "25",
  pages =        "867--73",
  OPTannote =    "7633471",
}

@Article{lynd1999biocommodity,
  author =       "L. R. Lynd and C. E. Wyman and T. U. Gerngross",
  title =        "Biocommodity engineering",
  journal =      "Biotechnology Progress",
  year =         "1999",
  volume =       "15",
  pages =        "777--793",
}

@Article{manber1993suffix,
  author =       "U. Manber and G. Myers",
  title =        "Suffix arrays: a new method for on--line string
                 searches",
  journal =      "Society for Industrial and Applied Mathematics",
  year =         "1993",
  volume =       "22",
  number =       "5",
  pages =        "935--948",
}

@Article{mangalam2002tacg,
  author =       "H. J. Mangalam",
  title =        "{tacg--a grep for DNA}",
  journal =      "BMC Bioinformatics",
  year =         "2002",
  volume =       "3",
  pages =        "8",
  OPTannote =    "11882250",
}

@Article{mangasarian1995breast,
  author =       "O. L. Mangasarian and W. N. Street and W. H. Wolberg",
  title =        "Breast cancer diagnosis and prognosis via linear
                 programming",
  journal =      "Operations Research",
  year =         "1995",
  volume =       "43",
  number =       "4",
  pages =        "570--577",
  annote =       "available in UCI database",
}

@Article{mansfield1999substrate,
  author =       "S. D. Mansfield and C. Mooney and J. N. Saddler",
  title =        "Substrate and enzyme characteristics that limit
                 cellulose hydrolysis",
  journal =      "Biotechnology Progress",
  year =         "1999",
  volume =       "15",
  pages =        "804--816",
}

@Article{miller2001comparison,
  author =       "W. Miller",
  title =        "{Comparison of genomic DNA sequences: solved and
                 unsolved problems}",
  journal =      "Bioinformatics",
  year =         "2001",
  volume =       "17",
  pages =        "391--7",
  OPTannote =    "11331233",
}

@Article{moerman2002antibacterial,
   Author="Moerman, Leentje. and Bosteels, Suzanne. and Noppe, Wim. and Willems, Jean. and Clynen, Elke. and Schoofs, Liliane. and Thevissen, Karin. and Tytgat, Jan. and Van Eldere., Johan. and Van Der. Walt., Jurg. and Verdonck, Fons.",
   Title="{Antibacterial and antifungal properties of alpha-helical, cationic peptides in the venom of scorpions from southern Africa}",
   Journal="Eur J Biochem",
   Year="2002",
   Volume="269",
   Number="19",
   Pages="4799-4810",
   Month="Oct",
   optannote="12354111",
}

@InProceedings{mueller1993library,
  author =       "Frank Mueller",
  title =        "A library implementation of {POSIX} threads under
                 Unix",
  booktitle =    "Proceedings of {the Winter} 1993 {USENIX} Technical
                 Conference and Exhibition",
  year =         "1993",
  pages =        "29--41",
  address =      "San Diego, CA, USA",
  URL =          "citeseer.nj.nec.com/mueller93library.html",
}

@Article{muller2000modeling,
  author =       "T. Muller and M. Vingron",
  title =        "{Modeling amino acid replacement}",
  journal =      "J Comput Biol",
  year =         "2000",
  volume =       "7",
  pages =        "761--76",
  OPTannote =    "11382360",
}

@Article{muller2001nonsymmetric,
  author =       "T. M{\"{u}}ller and S. Rahmann and M. Rehmsmeier",
  title =        "Non-symmertric score matrices and the detection of
                 homologous transmembrane proteins",
  journal =      "Bioinformatics",
  year =         "2001",
  volume =       "17",
  pages =        "S182--S189",
  note =         "Suppl.\ 1",
  annote =       "This paper discusses making the SLIM matrix for
                 transmembrane proteins and GPCR family proteins. It has
                 some useful background",
}

@Misc{myrvold1998dynamic,
  author =       "W. Myrvold and T. Prsa and N. Walker",
  title =        "A dynamic programming approach for timing and
                 designing clique algorithms",
  howpublished = "Algorithms and Experiments (ALEX): Building Bridges
                 Between Theory and Applications",
  year =         "1998",
  pages =        "88--95",
  URL =          "citeseer.nj.nec.com/article/myrvold98dynamic.html",
}

@Article{navarro2001nrgrep,
  author =       "Gonzalo Navarro",
  title =        "{NR--grep}: a fast and flexible pattern-matching
                 tool",
  journal =      "Software Practice and Experience",
  year =         "2001",
  volume =       "31",
  number =       "13",
  pages =        "1265--1312",
  month =        "????",
  URL =          "citeseer.nj.nec.com/article/navarro00nrgrep.html",
}

@Article{ney2000progress,
  author =       "H. Ney and S. Ortmanns",
  title =        "Progress in dynamic programming search for {LVCSR}",
  journal =      "Proceedings of the IEEE",
  year =         "2000",
  volume =       "88",
  number =       "8",
  pages =        "1244--1240",
  OPTurl =       "http://ieeexplore.ieee.org/iel5/5/19040/00880081.pdf",
}

@Article{normark2002evolution,
  author =       "B. H. Normark and S. Normark",
  title =        "{Evolution and spread of antibiotic resistance}",
  journal =      "J Intern Med",
  year =         "2002",
  volume =       "252",
  pages =        "91--106",
  OPTannote =    "12190884",
}

@InProceedings{parida1998musca,
  author =       "L. Parida and I. Rigoutsos and A. Floratos",
  title =        "{MUSCA:} An Algorithm for Constrained Alignment of
                 Multiple Data Sequences",
  booktitle =    "Proceedings of the Twelfth International Conference on
                 Genome Informatics (GIW)",
  year =         "1998",
  address =      "Tokyo",
}

@Article{pearson1998improved,
  author =       "W. R. Pearson and D. J. Lipman",
  title =        "Improved Tools for Biological Sequence Comparison",
  journal =      "Proceedings of the National Academy of Sciences",
  year =         "1988",
  volume =       "85",
  pages =        "2444--2448",
  annote =       "introduces FastA",
}

@Misc{pearson2000protein,
  author =       "W. R. Pearson",
  title =        "Protein sequence comparison and protein evolution",
  howpublished = "ISMB tutorial",
  year =         "2000",
}

@Unpublished{pedersen1999thebiology,
  author =       "A. G. Pedersen and P. Baldi and Yves Chauvin and S.
                 Brunak",
  title =        "The biology of eukaryotic promoter prediction -- a
                 review",
  note =         "Center for Biological Sequence Analysis, Technical
                 University of Denmark",
}

@Article{pesole2000patsearch,
  author =       "G. Pesole and S. Liuni and M. D'Souza",
  title =        "{PatSearch: a pattern matcher software that finds
                 functional elements in nucleotide and protein sequences
                 and assesses their statistical significance}",
  journal =      "Bioinformatics",
  year =         "2000",
  volume =       "16",
  pages =        "439--50",
  OPTannote =    "10871266",
}

@Article{plamondon2000online,
  author =       "R. Plamondon and S. N. Srihari",
  title =        "On--line and off--line handwriting recognition: a
                 comprehensive survey",
  journal =      "IEEE Transactions on Pattern Analysis and Machine
                 Intelligence",
  year =         "2000",
  volume =       "22",
  pages =        "63--84",
  OPTurl =       "http://ieeexplore.ieee.org/iel5/34/17859/00824821.pdf",
}

@Article{putsep2002deficiency,
  author =       "K. Putsep and G. Carlsson and H. G. Boman and M.
                 Andersson",
  title =        "{Deficiency of antibacterial peptides in patients with
                 morbus Kostmann: an observation study}",
  journal =      "Lancet",
  year =         "2002",
  volume =       "360",
  pages =        "1144--9",
  OPTannote =    "12387964",
}

@Article{rice2000emboss,
  author =       "P. Rice and I. Longden and A. Bleasby",
  title =        "{EMBOSS: the European Molecular Biology Open Software
                 Suite}",
  journal =      "Trends Genet",
  year =         "2000",
  volume =       "16",
  pages =        "276--7",
  OPTannote =    "10827456",
}

@PhdThesis{rigoutsos1992massively,
  author =       "I. Rigoutsos",
  title =        "Massively parallel bayesian object recognition",
  school =       "Courant Institute of Mathematical Sciences, New York
                 University",
  year =         "1992",
  month =        aug,
}

@Article{rigoutsos1998combinatorial,
  author =       "I. Rigoutsos and A. Floratos",
  title =        "{Combinatorial pattern discovery in biological
                 sequences: The TEIRESIAS algorithm}",
  journal =      "Bioinformatics",
  year =         "1998",
  volume =       "14",
  pages =        "55--67",
  OPTannote =    "9520502",
}

@Article{rigoutsos1999dictionary,
  author =       "I. Rigoutsos and A. Floratos and C. Ouzounis and Y.
                 Gao and L. Parida",
  title =        "{Dictionary building via unsupervised hierarchical
                 motif discovery in the sequence space of natural
                 proteins}",
  journal =      "Proteins",
  year =         "1999",
  volume =       "37",
  pages =        "264--77",
  OPTannote =    "10584071",
}

@Article{rigoutsos2000theemergence,
  author =       "I. Rigoutsos and A. Floratos and L. Parida and Y. Gao
                 and D. Platt",
  title =        "The Emergence of Pattern Discovery Techniques in
                 Computational Biology",
  journal =      "Metabolic Engineering",
  year =         "2000",
  volume =       "2",
  pages =        "159--177",
  annote =       "general paper, but talks a lot about teiresias",
}

@Article{rolff2003invertebrate,
  author =       "J. Rolff and M. T. Siva-Jothy",
  title =        "{Invertebrate Ecological Immunology}",
  journal =      "Science",
  year =         "2003",
  volume =       "301",
  number =       "5632",
  pages =        "472--475",
}

@Article{rost1999twilight,
  author =       "B. Rost",
  title =        "{Twilight zone of protein sequence alignments}",
  journal =      "Protein Eng",
  year =         "1999",
  volume =       "12",
  pages =        "85--94",
  OPTannote =    "10195279",
}

@Article{rzhetsky1997exon,
  author =       "A. Rzhetsky and F. J. Ayala and L. C. Hsu and C. Chang
                 and A. Yoshida",
  title =        "{Exon/intron structure of aldehyde dehydrogenase genes
                 supports the } # introns-late # { theory}",
  journal =      "Proc Natl Acad Sci U S A",
  year =         "1997",
  volume =       "94",
  pages =        "6820--5",
  OPTannote =    "9192649",
}

@Article{salzman2003protection,
  author =       "N. H. Salzman and D. Ghosh and K. M. Huttner and Y.
                 Paterson and C. L. Bevins",
  title =        "{Protection against enteric salmonellosis in
                 transgenic mice expressing a human intestinal
                 defensin}",
  journal =      "Nature",
  year =         "2003",
  volume =       "422",
  pages =        "522--6",
  OPTannote =    "12660734",
}

@PhdThesis{scattolin1995recognition,
  author =       "P. Scattolin",
  title =        "Recognition of handwritten numerals using elastic
                 matching",
  school =       "Concordia University, Canada",
  year =         "1995",
  month =        nov,
  URL =          "citeseer.nj.nec.com/scattolin95recognition.html",
}

@Article{schittek2001dermcidin,
  author =       "B. Schittek and R. Hipfel and B. Sauer and J. Bauer
                 and H. Kalbacher and S. Stevanovic and M. Schirle and
                 K. Schroeder and N. Blin and F. Meier and G. Rassner
                 and C. Garbe",
  title =        "{Dermcidin: a novel human antibiotic peptide secreted
                 by sweat glands}",
  journal =      "Nat Immunol",
  year =         "2001",
  volume =       "2",
  pages =        "1133--7",
  OPTannote =    "11694882",
}

@Article{schutte2002discovery,
  author =       "B. C. Schutte and J. P. Mitros and J. A. Barlett and
                 J. D. Walters and H. P. Jia and M. J. Welsh and T. L.
                 Casavant and P. B. McCray",
  title =        "Discovery of five conserved $\beta$--defensin gene
                 clusters using a computational search strategy",
  journal =      "Proceedings of the National Academy of Sciences",
  year =         "2002",
  volume =       "99",
  number =       "4",
  pages =        "2129--2133",
}

@InCollection{searls1992thecomputational,
  author =       "D. B. Searls",
  title =        "The Computational Linguistics of Biological
                 Sequences",
  booktitle =    "Artificial Intelligence and Molecular Biology",
  publisher =    "AAAI Press",
  year =         "1992",
  editor =       "Larry Hunter",
  pages =        "47--120",
}

@Article{searls1997linguistic,
  author =       "D. B. Searls",
  title =        "{Linguistic approaches to biological sequences}",
  journal =      "Comput Appl Biosci",
  year =         "1997",
  volume =       "13",
  pages =        "333--44",
  OPTannote =    "9283748",
}

@Unpublished{searls1999formal,
  author =       "D. B. Searls",
  title =        "Formal language theory and biological macromolecules",
  note =         "Bioinformatics group, SmithKline Beecham
                 Pharmaceuticals",
  year =         "1999",
}

@Article{searls2001fromjabberwocky,
  author =       "D. B. Searls",
  title =        "From Jabberwocky to Genome: Lewis Carrol and
                 Computational Biology",
  journal =      "Journal of Computational Biology",
  year =         "2001",
  volume =       "8",
  number =       "3",
  pages =        "339--348",
  annote =       "interesting paper",
}

@Article{searls2001reading,
  author =       "D. B. Searls",
  title =        "Reading the Book of Life",
  journal =      "Bioinformatics",
  year =         "2001",
  volume =       "17",
  number =       "7",
  pages =        "579--580",
  annote =       "a two page review of linguistics techniques in
                 computational biology",
}

@Article{searls2002language,
  author =       "D. B. Searls",
  title =        "{The language of genes}",
  journal =      "Nature",
  year =         "2002",
  volume =       "420",
  pages =        "211--7",
  OPTannote =    "12432405",
}

@Article{shai2002mode,
  author =       "Y. Shai",
  title =        "{Mode of action of membrane active antimicrobial
                 peptides}",
  journal =      "Biopolymers",
  year =         "2002",
  volume =       "66",
  pages =        "236--48",
  OPTannote =    "12491537",
}

@Article{sheehan1999enzymes,
  author =       "J. Sheehan and M. Himmel",
  title =        "Enzymes, energy, and the environment: a strategic
                 perspective on the {U}.{S}. Department of Energy's
                 research and development activities for bioethanol",
  journal =      "Biotechnology Progress",
  year =         "1999",
  volume =       "15",
  pages =        "817--827",
}

@Article{shieber1994lessons,
  author =       "S. M. Shieber",
  title =        "Lessons from a restricted turing test",
  journal =      "Communications of the ACM",
  year =         "1994",
  volume =       "37",
  number =       "6",
  OPTmonth =     "June",
}

@Article{silphaduang2001peptide,
  author =       "U. Silphaduang and E. J. Noga",
  title =        "{Peptide antibiotics in mast cells of fish}",
  journal =      "Nature",
  year =         "2001",
  volume =       "414",
  pages =        "268--9",
  OPTannote =    "11713517",
}

@Article{simmaco1999antimicrobial,
  author =       "Maurizio Simmaco and Giuseppina Mignogna and Donatella
                 Barra",
  title =        "Antimicrobial peptides from amphibian skin: What do
                 they tell us?",
  journal =      "Biopolymers",
  year =         "1999",
  volume =       "47",
  number =       "6",
  pages =        "435--450",
}

@Unpublished{sinha2002discovery,
  author =       "S. Sinha and M. Tompa",
  title =        "Discovery of novel transcription factor binding sites
                 by statistical overrepresentation",
  note =         "Deparment of Computer Science and Engineering,
                 University of Washington",
  year =         "2002",
}

@Article{smith1996cystic,
  author =       "J. J. Smith and S. M. Travis and E. P. Greenberg and
                 M. J. Welsh",
  title =        "{Cystic fibrosis airway epithelia fail to kill
                 bacteria because of abnormal airway surface fluid}",
  journal =      "Cell",
  year =         "1996",
  volume =       "85",
  pages =        "229--36",
  OPTannote =    "8612275",
}

@Article{sorek2001piecing,
  author =       "R. Sorek and M. Amitai",
  title =        "{Piecing together the significance of splicing}",
  journal =      "Nat Biotechnol",
  year =         "2001",
  volume =       "19",
  pages =        "196",
  OPTannote =    "11231539",
}

@Article{stark2002cationic,
  author =       "M. Stark and L. P. Liu and C. M. Deber",
  title =        "{Cationic hydrophobic peptides with antimicrobial
                 activity}",
  journal =      "Antimicrob Agents Chemother",
  year =         "2002",
  volume =       "46",
  pages =        "3585--90",
  OPTannote =    "12384369",
}

@Article{stoltzfus1994testing,
  author =       "A. Stoltzfus and D. F. Spencer and M. Zuker and J. M.
                 Logsdon Jr\. and W. F. Doolittle",
  title =        "Testing the exon theory of genes: the evidence from
                 protein structure",
  journal =      "Science",
  year =         "1994",
  volume =       "265",
  pages =        "202--207",
  OPTmonth =     "July",
  OPTnumber =    "5169",
}

@Article{strom2002antibacterial,
  author =       "M. B. {Str\o m} and \O . Rekdal and J. S. Svendsen",
  title =        "Antimicrobial activity of short arginine-- and
                 tryptophan--rich peptides",
  journal =      "Journal of Peptide Science",
  year =         "2002",
  volume =       "8",
  pages =        "431--437",
}

@Article{strom2003pharmacophore,
  author =       "M. B. Strom and B. E. Haug and M. L. Skar and W.
                 Stensen and T. Stiberg and J. S. Svendsen",
  title =        "{The pharmacophore of short cationic antibacterial
                 peptides}",
  journal =      "J Med Chem",
  year =         "2003",
  volume =       "46",
  pages =        "1567--70",
  OPTannote =    "12699374",
}

@Article{sze2002finding,
  author =       "S. H. Sze and M. S. Gelfand and P. A. Pevzner",
  title =        "{Finding weak motifs in DNA sequences}",
  journal =      "Pac Symp Biocomput",
  year =         "2002",
  pages =        "235--246",
}

@Article{tappert1990thestate,
  author =       "C. C. Tappert and C. Y. Suen and T. Wakahara",
  title =        "The state of the art in online handwriting
                 recognition",
  journal =      "IEEE Transactions on Pattern Analysis and Machine
                 Intelligence",
  year =         "1990",
  volume =       "12",
  number =       "8",
  pages =        "787--808",
  OPTmonth =     "August",
  OPTurl =       "http://ieeexplore.ieee.org/iel1/34/2090/00057669.pdf",
}

@Article{tew2002denovo,
  author =       "Gregory N. Tew and Dahui Liu and Bin Chen and Robert
                 J. Doerksen and Justin Kaplan and Patrick J. Carroll
                 and Michael L. Klein and William F. DeGrado",
  title =        "{\emph{De novo} design of biomimetic antimicrobial
                 polymers}",
  journal =      "Proceedings of the National Academy of Sciences",
  year =         "2002",
  volume =       "99",
  number =       "8",
  pages =        "5110--5114",
}

@Article{tiozzo1998wide,
  author =       "E. Tiozzo and G. Rocco and A. Tossi and D. Romeo",
  title =        "{Wide-spectrum antibiotic activity of synthetic,
                 amphipathic peptides}",
  journal =      "Biochem Biophys Res Commun",
  year =         "1998",
  volume =       "249",
  pages =        "202--6",
  OPTannote =    "9705857",
}

@Article{tossi2000amphipathic,
  author =       "A. Tossi and L. Sandri and A. Giangaspero",
  title =        "{Amphipathic, alpha-helical antimicrobial peptides}",
  journal =      "Biopolymers",
  year =         "2000",
  volume =       "55",
  pages =        "4--30",
  OPTannote =    "10931439",
}

@Misc{uci1998ucirepository,
  author =       "C. L. Blake and C. J. Merz",
  title =        "{UCI} Repository of machine learning databases",
  year =         "1998",
  note =         "http://www.ics.uci.edu/$\sim$mlearn/MLRepository.html",
  institution =  "University of California, Irvine, Dept. of Information
                 and Computer Sciences",
}

@Unpublished{verma1995recent,
  author =       "B. Verma and M. Blumenstein and S. Kulkarni",
  title =        "Recent Achievements in off--line handwriting
                 recognition systems",
  note =         "School of Information Technology, Griffith
                 University",
  year =         "1995",
}

@Article{vizioli2001gambicin,
  author =       "Jacopo Vizioli and Philippe Bulet and Jules A.
                 Hoffmann and Fotis C. Kafatos and Hans-Michael Muller
                 and George Dimopoulos",
  title =        "{Gambicin: A novel immune responsive antimicrobial
                 peptide from the malaria vector Anopheles gambiae}",
  journal =      "PNAS",
  year =         "2001",
  volume =       "98",
  number =       "22",
  pages =        "12630--12635",
}

@Article{vogt1995assessment,
  author =       "G. Vogt and T. Etzold and P. Argos",
  title =        "{An assessment of amino acid exchange matrices in
                 aligning protein sequences: the twilight zone
                 revisited}",
  journal =      "J Mol Biol",
  year =         "1995",
  volume =       "249",
  pages =        "816--31",
  OPTannote =    "7602593",
}

@Article{walsh2000molecular,
  author =       "C. Walsh",
  title =        "{Molecular mechanisms that confer antibacterial drug
                 resistance}",
  journal =      "Nature",
  year =         "2000",
  volume =       "406",
  pages =        "775--81",
  OPTannote =    "10963607",
}

@Article{walsh2002prevalence,
  author =       "T. R. Walsh and R. A. Howe",
  title =        "{The prevalence and mechanisms of vancomycin
                 resistance in Staphylococcus aureus}",
  journal =      "Annu Rev Microbiol",
  year =         "2002",
  volume =       "56",
  pages =        "657--75",
  OPTannote =    "12142482",
}

@Article{warnow1997mathematical,
  author =       "T. Warnow",
  title =        "{Mathematical approaches to comparative linguistics}",
  journal =      "Proc Natl Acad Sci U S A",
  year =         "1997",
  volume =       "94",
  pages =        "6585--90",
  OPTannote =    "11607730",
}

@Article{waterman1984efficient,
  author =       "M. S. Waterman",
  title =        "{Efficient sequence alignment algorithms}",
  journal =      "J Theor Biol",
  year =         "1984",
  volume =       "108",
  pages =        "333--7",
  OPTannote =    "6748696",
}

@Article{westerhoff1989magainins,
  author =       "H. V. Westerhoff and D. Juretic and R. W. Hendler and
                 M. Zasloff",
  title =        "{Magainins and the disruption of membrane-linked
                 free-energy transduction}",
  journal =      "Proc Natl Acad Sci U S A",
  year =         "1989",
  volume =       "86",
  pages =        "6597--601",
  OPTannote =    "2671997",
}

@Article{wilson1999regulation,
  author =       "C. L. Wilson and A. J. Ouellette and D. P. Satchell
                 and T. Ayabe and Y. S. Lopez-Boado and J. L. Stratman
                 and S. J. Hultgren and L. M. Matrisian and W. C.
                 Parks",
  title =        "{Regulation of intestinal alpha-defensin activation by
                 the metalloproteinase matrilysin in innate host
                 defense}",
  journal =      "Science",
  year =         "1999",
  volume =       "286",
  pages =        "113--7",
  OPTannote =    "10506557",
}

@Article{wootton1993statistics,
  author =       "J. C. Wootton and S. Federhen",
  title =        "Statistics of Local Complexity in Amino Acid Sequences
                 and Sequence Databases",
  journal =      "Computers in Chemistry",
  year =         "1993",
  volume =       "17",
  pages =        "149--163",
  annote =       "introduces the SEG filtering program",
}

@InProceedings{wu1992agrep,
  author =       "S. Wu and U. Manber",
  title =        "Agrep --- {A} Fast Approximate Pattern-Matching Tool",
  booktitle =    "Usenix Winter 1992 Technical Conference",
  year =         "1992",
  pages =        "153--162",
  address =      "San Francisco",
  month =        jan,
}

@Article{yaffe2001motif,
  author =       "M. B. Yaffe and G. G. Leparc and J. Lai and T. Obata
                 and S. Volinia and L. C. Cantley",
  title =        "{A motif-based profile scanning approach for
                 genome-wide prediction of signaling pathways}",
  journal =      "Nat Biotechnol",
  year =         "2001",
  volume =       "19",
  pages =        "348--53",
  OPTannote =    "11283593",
}

@Article{yang2000crystallization,
  author =       "L. Yang and T. M. Weiss and R. I. Lehrer and H. W.
                 Huang",
  title =        "{Crystallization of antimicrobial pores in membranes:
                 magainin and protegrin}",
  journal =      "Biophys J",
  year =         "2000",
  volume =       "79",
  pages =        "2002--9",
  OPTannote =    "11023904",
}

@Article{zasloff2002antimicrobial,
  author =       "M. Zasloff",
  title =        "{Antimicrobial peptides of multicellular organisms}",
  journal =      "Nature",
  year =         "2002",
  volume =       "415",
  pages =        "389--95",
  OPTannote =    "11807545",
}

@Article{zasloff2002antimicrobialpeptides,
  author =       "Michael. Zasloff",
  title =        "{Antimicrobial peptides in health and disease}",
  journal =      "New England Journal of Medicine",
  year =         "2002",
  volume =       "347",
  number =       "15",
  pages =        "1199--1200",
  month =        oct,
}

@Article{zhang2002contribution,
  author =       "L. Zhang and W. Yu and T. He and J. Yu and R. E.
                 Caffrey and E. A. Dalmasso and S. Fu and T. Pham and J.
                 Mei and J. J. Ho and W. Zhang and P. Lopez and D. D.
                 Ho",
  title =        "{Contribution of human alpha-defensin 1, 2, and 3 to
                 the anti-HIV-1 activity of CD8 antiviral factor}",
  journal =      "Science",
  year =         "2002",
  volume =       "298",
  pages =        "995--1000",
  OPTannote =    "12351674",
}
